% （1）专著中的文献
% [序号] 作者.专著名称.版本(第１版不加标注).出版者.出版年:参考页码.
@misc{InternetreportChina,
  author = {中国互联网络信息中心},
  title = {{第44次中国互联网络发展状况统计报告}},
  howpublished = "\url{http://www.cac.gov.cn/2019-08/30/c\textunderscore1124938750.html}",
  year = {2019}, 
  note = "[Online; accessed August-2019]"
}

@article{lecun1995convolutional,
  title={Convolutional networks for images, speech, and time series},
  author={LeCun, Yann and Bengio, Yoshua and others},
  journal={The handbook of brain theory and neural networks},
  volume={3361},
  number={10},
  pages={1995},
  year={1995}
}
